<?xml version="1.0" encoding="UTF-8"?><collection xmlns="http://www.loc.gov/MARC21/slim"><record><leader>00335nam--2200133-i-4500</leader><controlfield tag="001">000019285</controlfield><controlfield tag="002">20161230</controlfield><controlfield tag="005">20161230201033</controlfield><controlfield tag="008">060222s1000------------r-----000-0-eng-d</controlfield><datafield ind1=" " ind2=" " tag="080"><subfield code="a">621.375</subfield></datafield><datafield ind1=" " ind2=" " tag="100"><subfield code="a">Earl, John</subfield></datafield><datafield ind1=" " ind2=" " tag="245"><subfield code="a">How to choose and use tuners and amplifiers</subfield></datafield><datafield ind1=" " ind2=" " tag="260"><subfield code="a">London, Fountain Press, 1970.  187 P</subfield></datafield><datafield ind1=" " ind2=" " tag="852"><subfield code="a">35569</subfield></datafield></record></collection>